<?xml version='1.0' encoding='UTF-8'?>
<record xmlns="http://www.loc.gov/MARC21/slim">
  <leader>01341nam a2200289 a 4500</leader>
  <controlfield tag="001">673036</controlfield>
  <controlfield tag="003">NjP</controlfield>
  <controlfield tag="008">910924s1989    ir a     b    00100 ara d</controlfield>
  <datafield tag="024" ind1="7" ind2=" ">
    <subfield code="a">princeton_aco002817</subfield>
    <subfield code="2">local</subfield>
  </datafield>
  <datafield ind1=" " ind2=" " tag="010">
    <subfield code="a">   90969765  </subfield>
  </datafield>
  <datafield ind1=" " ind2=" " tag="035">
    <subfield code="a">(CStRLIN)NJPG91-B48569</subfield>
  </datafield>
  <datafield ind1=" " ind2=" " tag="035">
    <subfield code="9">ADA9355TS</subfield>
  </datafield>
  <datafield ind1=" " ind2=" " tag="040">
    <subfield code="a">DLC</subfield>
    <subfield code="c">DLC</subfield>
    <subfield code="d">NjP</subfield>
  </datafield>
  <datafield ind1="0" ind2="0" tag="050">
    <subfield code="a">IN PROCESS</subfield>
  </datafield>
  <datafield ind1="0" ind2="0" tag="245">
    <subfield code="a">Tārīkh ahl al-bayt :</subfield>
    <subfield code="b">naqlan ʻan al-aʾimmah al-Bāqir wa-al-Ṣādiq wa-al-Riḍā wa-al-ʻAskarī ʻan ābāʾihim /</subfield>
    <subfield code="c">wa-bi-riwāyat Naṣr al-Jahḍamī ... [et al.] ; taḥqīq Muḥammad Riḍā al-Ḥusaynī.</subfield>
  </datafield>
  <datafield ind1=" " ind2=" " tag="250">
    <subfield code="a">al-Ṭabʻah 1.</subfield>
  </datafield>
  <datafield ind1=" " ind2=" " tag="260">
    <subfield code="a">Qum :</subfield>
    <subfield code="b">Muʾassasat Āl al-Bayt li-Iḥyāʾ al-Turāth,</subfield>
    <subfield code="c">1410 [1989]</subfield>
  </datafield>
  <datafield ind1=" " ind2=" " tag="300">
    <subfield code="a">227 p. :</subfield>
    <subfield code="b">ill. ;</subfield>
    <subfield code="c">24 cm.</subfield>
  </datafield>
  <datafield ind1=" " ind2="0" tag="440">
    <subfield code="a">Silsilat maṣādir Biḥār al-anwār ;</subfield>
    <subfield code="v">10</subfield>
  </datafield>
  <datafield ind1="1" ind2=" " tag="490">
    <subfield code="a">Muʾassasat Āl al-Bayt li-Iḥyāʾ al-Turāth ;</subfield>
    <subfield code="v">80</subfield>
  </datafield>
  <datafield ind1=" " ind2=" " tag="500">
    <subfield code="a">On the occasion of the 300th anniversary of the death of al-Majlisī, 1110 H.</subfield>
  </datafield>
  <datafield ind1=" " ind2=" " tag="500">
    <subfield code="a">Errata leaf inserted.</subfield>
  </datafield>
  <datafield ind1=" " ind2=" " tag="504">
    <subfield code="a">Includes bibliographical references (p. 219-223) and indexes.</subfield>
  </datafield>
  <datafield ind1="0" ind2="0" tag="600">
    <subfield code="a">Muḥammad,</subfield>
    <subfield code="c">Prophet,</subfield>
    <subfield code="d">d. 632</subfield>
    <subfield code="x">Companions.</subfield>
  </datafield>
  <datafield ind1="1" ind2=" " tag="700">
    <subfield code="a">Ḥusaynī, Muḥammad Riḍā.</subfield>
  </datafield>
  <datafield ind1=" " ind2="0" tag="830">
    <subfield code="a">Muʾassasat Āl al-Bayt li-Iḥyāʾ al-Turāth (Series) ;</subfield>
    <subfield code="v">80.</subfield>
  </datafield>
  <datafield ind1=" " ind2=" " tag="998">
    <subfield code="a">09/24/91</subfield>
    <subfield code="s">9110</subfield>
    <subfield code="n">NjP</subfield>
    <subfield code="w">DCLC90969765B</subfield>
    <subfield code="d">09/24/91</subfield>
    <subfield code="c">JEB</subfield>
    <subfield code="b">JEB</subfield>
    <subfield code="i">910924</subfield>
    <subfield code="l">NJPG</subfield>
  </datafield>
  <datafield ind1=" " ind2=" " tag="911">
    <subfield code="a">19921028</subfield>
  </datafield>
  <datafield ind1=" " ind2=" " tag="912">
    <subfield code="a">19910924000000.0</subfield>
  </datafield>
  <datafield ind1="0" ind2="0" tag="852">
    <subfield code="0">747799</subfield>
    <subfield code="b">rcppa</subfield>
    <subfield code="t">1</subfield>
    <subfield code="h">BP136.46</subfield>
    <subfield code="i">.T37</subfield>
    <subfield code="x">tr fr arab</subfield>
  </datafield>
  <datafield ind1=" " ind2=" " tag="959">
    <subfield code="a">2000-06-13 00:00:00 -0500</subfield>
  </datafield>
</record>
